<?xml version="1.0" encoding="UTF-8"?><collection xmlns="http://www.loc.gov/MARC21/slim"><record><leader>00757nam--2200205-i-4500</leader><controlfield tag="001">000020035</controlfield><controlfield tag="002">20161230</controlfield><controlfield tag="005">20161230201033</controlfield><controlfield tag="008">060222s1000------------r-----000-0-eng-d</controlfield><datafield ind1=" " ind2=" " tag="020"><subfield code="a">044400596X</subfield></datafield><datafield ind1=" " ind2=" " tag="040"><subfield code="a">IFIN-HH</subfield></datafield><datafield ind1=" " ind2=" " tag="080"><subfield code="a">537.222.22:548.4:538.913(061.3)</subfield></datafield><datafield ind1="1" ind2=" " tag="100"><subfield code="a">Narayan, J</subfield></datafield><datafield ind1="1" ind2="0" tag="245"><subfield code="a">Defects in semiconductors</subfield><subfield code="b">Volume 2 materials research society symposia proceedings. proceedings of the materials research society annual meetig november 1980, copley plza hotel, boston, massachusetts, usa</subfield><subfield code="c">J. narayan, t.y. tan (eds.)</subfield></datafield><datafield ind1=" " ind2=" " tag="260"><subfield code="a">New York</subfield><subfield code="b">North-holland</subfield><subfield code="c">1981</subfield></datafield><datafield ind1=" " ind2=" " tag="300"><subfield code="a">XI + 537 P</subfield></datafield><datafield ind1=" " ind2=" " tag="490"><subfield code="a">Materials Research Society Symposia Proceedings</subfield></datafield><datafield ind1="1" ind2=" " tag="700"><subfield code="a">Tan, T.Y</subfield><subfield code="e">Ed</subfield></datafield><datafield ind1=" " ind2=" " tag="852"><subfield code="a">49226</subfield><subfield code="c">539</subfield></datafield><datafield ind1=" " ind2=" " tag="CAT"><subfield code="a">Sys</subfield><subfield code="c">20111012</subfield><subfield code="h">134234</subfield></datafield></record></collection>